<?xml version="1.0" encoding="UTF-8"?><record xmlns="http://www.loc.gov/MARC21/slim" xmlns:cinclude="http://apache.org/cocoon/include/1.0" xmlns:zs="http://www.loc.gov/zing/srw/">
  <leader>00469cz  a2200133n  4500</leader>
  <controlfield tag="001">n  79098973 </controlfield>
  <controlfield tag="003">DLC</controlfield>
  <controlfield tag="005">20090227080412.0</controlfield>
  <controlfield tag="008">790831n| acannaabn          |n aaa      </controlfield>
  <datafield tag="010" ind1=" " ind2=" ">
    <subfield code="a">n  79098973 </subfield>
  </datafield>
  <datafield tag="035" ind1=" " ind2=" ">
    <subfield code="a">(OCoLC)oca00331125</subfield>
  </datafield>
  <datafield tag="040" ind1=" " ind2=" ">
    <subfield code="a">DLC</subfield>
    <subfield code="b">eng</subfield>
    <subfield code="c">DLC</subfield>
    <subfield code="d">OCoLC</subfield>
  </datafield>
  <datafield tag="100" ind1="1" ind2=" ">
    <subfield code="a">Brin, André</subfield>
  </datafield>
  <datafield tag="670" ind1=" " ind2=" ">
    <subfield code="a">His Océan et énergie, 1979:</subfield>
    <subfield code="b">t.p. (André Brin, agrégé de l'université, docteur ès sciences, chargé de mission à la Mission interministérielle de la mer)</subfield>
  </datafield>
</record>